<?xml version="1.0" encoding="UTF-8"?><collection xmlns="http://www.loc.gov/MARC21/slim"><record><leader>00444nam--2200157-i-4500</leader><controlfield tag="001">000016970</controlfield><controlfield tag="002">20161230</controlfield><controlfield tag="005">20170115223241</controlfield><controlfield tag="008">060222s1000------------r-----000-0-eng-d</controlfield><datafield ind1=" " ind2=" " tag="080"><subfield code="a">66.OL</subfield></datafield><datafield ind1=" " ind2=" " tag="245"><subfield code="a">Calculator programs for chemical engineers. Program translations by: William Volk</subfield></datafield><datafield ind1=" " ind2=" " tag="260"><subfield code="a">New York</subfield><subfield code="b">Mcgraw-hill Publications Co</subfield><subfield code="c">1984</subfield></datafield><datafield ind1=" " ind2=" " tag="300"><subfield code="a">258 p</subfield></datafield><datafield ind1=" " ind2=" " tag="700"><subfield code="a">Deutsch, David J</subfield></datafield><datafield ind1=" " ind2=" " tag="852"><subfield code="a">794O2</subfield></datafield><datafield ind1=" " ind2=" " tag="CAT"><subfield code="a">SYS</subfield><subfield code="c">20170115</subfield><subfield code="h">223241</subfield></datafield></record></collection>